%Book

@book{ArmesRoy1988Ov,
    series = {Studies in communication},
    abstract = {Though video systems are now growing ever more accessible, and practical video work is undertaken at every level of education, this is the first book-length historical and theoretical study of the medium. On Video explores video on two levels: first, it examines the relationship between technology and society; and second, it probes the connection between production methods and the communication of meaning.},
    publisher = {Routledge},
    isbn = {1-134-98612-2},
    year = {1988},
    title = {On video},
    language = {eng},
    address = {London ; New York},
    author = {Armes, Roy},
    keywords = {Television -- History; Video recordings; Motion pictures; Electronic books},
}



%Online

@techreport{jpeters,
    author =       "Jean-Jacques Peters",
    title =        "A History of Television",
    institution =  "EBU",
    url =          "http://arantxa.ii.uam.es/~jms/tvd/tv_history.pdf",
    urldate =      "2021-05-16"
}

@techreport{neoteoAmigaVideoToaster,
    author =       "Lisandro Pardo",
    title =        "Video Toaster: El editor de vídeo que revolucionó la cultura de los ’90",
    institution =  "Neoteo",
    note =         "(Spanish)",
    year =         "2019",
    url =          "https://www.neoteo.com/video-toaster-editor-de-video/",
    urldate =      "2021-06-24"
}


@online{smpte2110faq,
  title =        "{SMPTE}-2110 {FAQ}",
  organization = "SMPTE",
  year =         "2021",
  url =          "https://www.smpte.org/smpte-st-2110-faq",
  urldate =      "2021-05-18"
}

@online{becg2020,
  title =        "The A to B of Early Video Mixer Technology",
  organization = "Broadcast Engineering Conservarion Group",
  year =         "2020",
  url =          "https://becg.org.uk/2020/10/18/the-a-to-b-of-early-video-mixer-technology/",
  urldate =      "2021-05-28"
}

@online{kitplus2015,
  title =        "The Evolution of Vision Mixers",
  organization = "kitplus",
  year =         "2015",
  url =          "https://www.kitplus.com/articles/The_evolution_of_vision_mixers/1354.html",
  urldate =      "2021-05-28"
}

@online{ibc2019,
  title =        "Vision Mixers: Switching it up",
  organization = "IBC",
  year =         "2019",
  url =          "https://www.ibc.org/trends/vision-mixers-switching-it-up/5138.article",
  urldate =      "2021-05-28"
}

@online{wikiSoftware_vision_mixer,
  title =        "Software vision mixer",
  author =       "Wikipedia",
  year =         "2021",
  url =          "http://en.wikipedia.org/w/index.php?title=Software\%20vision\%20mixer&oldid=1023821024",
  urldate =      "2021-05-28"
}


%Revista TM Broadcast

@article{tmIpProduction,
  title =        "Señales de producción en red",
  journal =      "TM Broadcast",
  year =         "2017",
  url =          "https://tmbroadcast.es/index.php/senales-de-produccion-en-red/",
  urldate =      "2021-05-19",
  note =         "(Spanish)"
}

@article{tmMixerHistory,
  title =        "Historia de los medios técnicos de la televisión. Manipuladores de señal I: Mezcladores de vídeo",
  journal =      "TM Broadcast",
  year =         "2016",
  url =          "https://tmbroadcast.es/index.php/manipuladores-de-senal-tv/",
  urldate =      "2021-05-18",
  note =         "(Spanish)"
}

@article{tmRtveIp,
  title =        "{RTVE} {C}ataluña evoluciona su producción al {HD} y a la tecnología {IP}",
  journal =      "TM Broadcast",
  year =         "2021",
  url =          "https://tmbroadcast.es/index.php/rtve-sant-cugat-hd-ip/",
  urldate =      "2021-06-24",
  note =         "(Spanish)"
}



%Manuals

@manual{atemManual,
  title =       "{ATEM} Production Studio Switchers Manual",
  year =        "2020",
  organization ="Black Magick Design",
  url =         "https://www.blackmagicdesign.com/developer/product/atem",
  urldate =     "2021-06-24"
}

@manual{xvsManual,
  title =       "User’s Guide for {S}ony {XVS}-9000/6000/7000/6000 Multi Format Switchers",
  edition =     "ver. 3.5",
  organization ="Sony",
  url =         "https://pro.sony/ue_US/support-resources/xvs-9000/manual",
  urldate =     "2021-06-24"
}

@manual{graphiteManual,
  title =       "{R}oss {G}raphite User Manual",
  edition =     "ver. 5.0",
  organization ="Ross Video",
  url =         "https://www.rossvideo.com/products-services/acquisition-production/production-switchers/graphite/",
  urldate =     "2021-06-24"
}

@manual{tricasterManual,
  title =       "{N}ew{T}ek {T}ri{C}aster manual",
  edition =     "2021",
  organization ="NewTek",
  url =         "https://downloads.newtek.com/LiveProductionSystems/VMC1/TCXD.pdf",
  urldate =     "2021-06-24"
}

@manual{vmixManual,
  title =       "v{M}ix user's guide manual",
  organization ="vMix",
  url =         "https://www.vmix.com/help24/vMixUserGuide.pdf",
  urldate =     "2021-06-24"
}

@online{casparcgWiki,
  title =        "{C}aspar{CG} {W}iki",
  organization = "SVT",
  year =         "2021",
  url =          "https://github.com/CasparCG/help/wiki",
  urldate =      "2021-06-24"
}

@online{obsWiki,
  title =        "{O}pen {B}roadcaster {S}oftware ({OBS}) {W}iki",
  organization = "OBS Project",
  year =         "2021",
  url =          "https://obsproject.com/wiki/",
  urldate =      "2021-06-24"
}


