@techreport{ieee754,
    type = "Standard",
    number = "IEEE 754",
    title = "{IEEE} Standard for Floating-Point Arithmetic",
    year = "1985",
    institution = "Institute of Electrical and Electronics Engineers"
}

@software{bicubicGlsl,
  title = {Efficient Bicubic filtering code in GLSL?},
  publisher = {StackOverflow},
  journal = {StackOverflow answer},
  url =     {https://stackoverflow.com/questions/13501081/efficient-bicubic-filtering-code-in-glsl},
  urldate = {2021-06-28}
}

@software{rgb2hsvGlsl,
  title = {Fast branchless {RGB} to {HSV} conversion in {GLSL}},
  url =     {http://lolengine.net/blog/2013/07/27/rgb-to-hsv-in-glsl},
  urldate = {2021-06-28}
}