@online{ndiBandwidth,
  title =        "{NDI} Network Bandwidth",
  organization = "NewTek",
  year =         "2021",
  url =          "https://support.newtek.com/hc/en-us/articles/217662708-NDI-Network-Bandwidth",
  urldate =      "2021-05-28"
}

@techreport{intelCpuDoc,
    type = "Documentation",
    title = "{T}echnical {R}esources: {I}ntel {C}ore {P}rocessors",
    year = "2021",
    institution = "Intel"
}