@book{blinn2002,
    author    = "Jim Blinn",
    title     = "Jim Blinn's Corner: Notation, Notation, Notation",
    year      = "2002",
    publisher = "Morgan Kaufmann",
    ISBN      = "1558608605"
}

@incollection{GPUGems3C26,
    editor =        "Hubert Nguyen",
    booktitle =     "GPU Gems 3",
    author =        "Charles Loop and Jim Blinn",
    title =         "Rendering Vector Art on the GPU",
    year =          "2007",
    publisher =     "Addison-Wesley Professional",
    ISBN =          "9780321545428",
    chapter =       "25"
}

@article{loopblinn2005,
    author =       "Charles Loop and Jim Blinn",
    title =        "Resolution independent curve rendering using programmable graphics hardware",
    journal =      "ACM Transactions on Graphics",
    volume =       "24",
    number =       "3",
    pages =        "1000--1009",
    year =         "2005",
    DOI =          "https://dx.doi.org/10.1145/1073204.1073303"
}

@article{ruedaruizfeito2008,
    author =       "Antonio J. Rueda and Juan Ruiz de Miras and Francisco R. Feito",
    title =        "GPU-based rendering of curved polygons using simplicial coverings",
    journal =      "Computers \& Graphics",
    volume =       "32",
    number =       "5",
    pages =        "581–-588",
    year =         "2008",
    DOI =          "https://doi.org/10.1016/j.cag.2008.07.005"
}

@online{wiki:bezier,
    author =        "Wikipedia",
    year =          "2021",
    title =         "{Bézier curve} --- {W}ikipedia{,} The Free Encyclopedia",
    url =           "http://en.wikipedia.org/w/index.php?title=B\%C3\%A9zier\%20curve&oldid=1012838219",
    urldate =       "2021-03-23"
}

@online{wiki:constrained_delaunay,
    author =        "Wikipedia",
    year =          "2021",
    title =         "{Constrained Delaunay triangulation} --- {W}ikipedia{,} The Free Encyclopedia",
    url =           "https://en.wikipedia.org/wiki/Constrained_Delaunay_triangulation",
    urldate =       "2021-04-16"
}

@online{pomax:bezier, 
    title =         "A Primer on Bézier Curves",
    year =          "2021",
    url =           "https://pomax.github.io/bezierinfo/",
    journal =       "pomax.github.io",
    urldate =       "2021-03-23"
} 

@software{polypartition,
  author = {ivanfratric},
  title = {PolyPartition},
  publisher = {GitHub},
  journal = {GitHub repository},
  url =     {https://github.com/ivanfratric/polypartition},
  urldate = {2021-03-23},
  commit = {7bdffb428b2b19ad1c43aa44c714dcc104177e84}
}